@book{adger2003core,
  title={Core syntax: A minimalist approach},
  author={Adger, David},
  volume={33},
  year={2003},
  publisher={Oxford University Press Oxford}
}

@article{thompson2002object,
  title={“Object complements” and conversation towards a realistic account},
  author={Thompson, Sandra A},
  journal={Studies in Language. International Journal sponsored by the Foundation “Foundations of Language”},
  volume={26},
  number={1},
  pages={125--163},
  year={2002},
  publisher={John Benjamins Publishing Company}
}

@article{kaplan1982lexical,
  title={Lexical-functional grammar: A formal system for grammatical representation},
  author={Kaplan, Ronald M and Bresnan, Joan},
  journal={Formal Issues in Lexical-Functional Grammar},
  pages={29--130},
  year={1982}
}

@article{lloyd1982least,
  title={Least squares quantization in PCM},
  author={Lloyd, Stuart},
  journal={IEEE transactions on information theory},
  volume={28},
  number={2},
  pages={129--137},
  year={1982},
  publisher={IEEE}
}

@article{chapman2001simple,
  title={A simple algorithm for identifying negated findings and diseases in discharge summaries},
  author={Chapman, Wendy W and Bridewell, Will and Hanbury, Paul and Cooper, Gregory F and Buchanan, Bruce G},
  journal={Journal of biomedical informatics},
  volume={34},
  number={5},
  pages={301--310},
  year={2001},
  publisher={Elsevier}
}

@article{mehrabi2015deepen,
  title={DEEPEN: A negation detection system for clinical text incorporating dependency relation into NegEx},
  author={Mehrabi, Saeed and Krishnan, Anand and Sohn, Sunghwan and Roch, Alexandra M and Schmidt, Heidi and Kesterson, Joe and Beesley, Chris and Dexter, Paul and Schmidt, C Max and Liu, Hongfang and others},
  journal={Journal of biomedical informatics},
  volume={54},
  pages={213--219},
  year={2015},
  publisher={Elsevier}
}

@inproceedings{morante2009metalearning,
  title={A metalearning approach to processing the scope of negation},
  author={Morante, Roser and Daelemans, Walter},
  booktitle={Proceedings of the Thirteenth Conference on Computational Natural Language Learning},
  pages={21--29},
  year={2009},
  organization={Association for Computational Linguistics}
}

@article{kratochvil2011transitivity,
  title={Transitivity in {A}bui},
  author={Kratochv{\'\i}l, Franti{\v{s}}ek},
  journal={Studies in Language},
  volume={35},
  number={3},
  pages={588--635},
  year={2011},
  publisher={John Benjamins Publishing Company}
}

@book{dalrymple2011objects,
  title={Objects and information structure},
  author={Dalrymple, Mary and Nikolaeva, Irina},
  number={131},
  year={2011},
  publisher={Cambridge University Press}
}

@inproceedings{gehrke2005prepositional,
  title={The prepositional aspect of {S}lavic prefixes and the goal-source asymmetry},
  author={Gehrke, Berit},
  booktitle={Proceedings of the {ESSLLI} workshop on Formal semantics and cross-linguistic data},
  volume={47},
  pages={56},
  year={2005},
  organization={Citeseer}
}


@inproceedings{Zamaraeva:Abui:COMPUTEL:2017,
title={Computational Support for Finding Word Classes: {A} Case Study of {A}bui},
author={Olga Zamaraeva and Kratochv{\i}l, Franti{\v{s}}ek and Bender, Emily M. and Xia, Fei and Howell, Kristen},
booktitle={Proceedings of the 2nd workshop on computational methods for endangered languages},
year={2017},
pages={to appear}
}

@article{OED,
  title={Oxford English Dictionary Online},
  author={Simpson, John and Weiner, Edmund SC},
  journal={Oxford: Clarendon Press. Retrieved November 2016},
  year={1989}
}


@book{ethnologue,
  title={Ethnologue: Languages of the World},
  editor={Lewis, Paul M. and Gary F. Simons and Charles D. Fennig},
  journal={Online version: http://www. ethnologue. com},
  publisher={SIL International},
  address={Dallas, Texas},
  year={2017}
}

@inbook{wals-124,
  address   = {Leipzig},
  author    = {Martin Haspelmath},
  booktitle = {The World Atlas of Language Structures Online},
  editor    = {Matthew S. Dryer and Martin Haspelmath},
  publisher = {Max Planck Institute for Evolutionary Anthropology},
  title     = {'Want' Complement Subjects},
  url       = {http://wals.info/chapter/124},
  year      = {2013}
}

@inbook{wals-128,
  address   = {Leipzig},
  author    = {Sonia Cristofaro},
  booktitle = {The World Atlas of Language Structures Online},
  editor    = {Matthew S. Dryer and Martin Haspelmath},
  publisher = {Max Planck Institute for Evolutionary Anthropology},
  title     = {Utterance Complement Clauses},
  url       = {http://wals.info/chapter/128},
  year      = {2013}
}

@book{aronoff2011morphology,
  title={What is morphology},
  author={Aronoff, Mark and Fudeman, Kirsten},
  volume={8},
  year={2011},
  publisher={John Wiley \& Sons}
}

@inproceedings{aduriz2000word,
  title={A word-grammar based morphological analyzer for agglutinative languages},
  author={Aduriz, Itziar and Agirre, Eneko and Aldezabal, Izaskun and Alegria, I{\~n}aki and Arregi, Xabier and Arriola, Jose Maria and Artola, Xabier and Gojenola, Koldo and Maritxalar, Aitor and Sarasola, Kepa and others},
  booktitle={Proceedings of the 18th conference on Computational linguistics-Volume 1},
  pages={1--7},
  year={2000},
  organization={Association for Computational Linguistics}
}

@phdthesis{albright2002identification,
  title={The identification of bases in morphological paradigms},
  author={Albright, Adam C},
  year={2002},
  school={University of California, Los Angeles}
}

@article{corbett2007canonical,
  title={Canonical typology, suppletion, and possible words},
  author={Corbett, Greville G},
  journal={Language},
  volume={83},
  number={1},
  pages={8--42},
  year={2007},
  publisher={Linguistic Society of America}
}

@article{rice2011documentary,
  title={Documentary linguistics and community relations},
  author={Rice, Keren},
  year={2011},
  publisher={University of Hawai'i Press}
}

@phdthesis{fokkens2014enhancing,
  title={Enhancing Empirical Research for Linguistically Motivated Precision Grammars},
  author={Fokkens, Antske Sibelle},
  year={2014},
  school={Department of Computational Linguistics, Universit{\"a}t des Saarlandes}
}

@article{alegria1996automatic,
  title={Automatic morphological analysis of {B}asque},
  author={Alegria, I{\~n}aki and Artola, Xabier and Sarasola, Kepa and Urkia, Miriam},
  journal={Literary \& Linguistic Computing},
  volume={11},
  number={4},
  pages={193--203},
  year={1996}
}


@misc{antworth1991pc,
  title={{PC-KIMMO}: {A} two-level processor for morphological analysis},
  author={Antworth, Evan L.},
  year={1991}
}

@inproceedings{baldridge2009well,
    title={How well does active learning actually work?: Time-based evaluation of cost-reduction strategies for language documentation},
    author={Baldridge, Jason and Palmer, Alexis},
    booktitle={Proceedings of the 2009 Conference on Empirical Methods in Natural Language Processing: Volume 1-Volume 1},
    pages={296--305},
    year={2009},
    organization={Association for Computational Linguistics}
  }

@inproceedings{beesley2000finite,
  title={Finite-state non-concatenative morphotactics},
  author={Beesley, Kenneth R and Karttunen, Lauri},
  booktitle={Proceedings of the 38th Annual Meeting on Association for Computational Linguistics},
  pages={191--198},
  year={2000},
  organization={Association for Computational Linguistics}
}

@inproceedings{beniamine2015segmentation,
  title={Segmentation strategies for inflection class inference},
  author={Beniamine, Sarah and Sagot, Beno{\^\i}t},
  booktitle={D{\'e}cembrettes 9, Colloque international de morphologie},
  year={2015}
}

@article{bender2015layers,
  title={Layers of interpretation: On grammar and compositionality},
  author={Bender, Emily M and Flickinger, Dan and Oepen, Stephan and Packard, Woodley and Copestake, Ann},
  journal={IWCS 2015},
  pages={239},
  year={2015}
}

@InProceedings{bender-EtAl:2014:W14-22,
  author    = {Bender, Emily M.  and  Crowgey, Joshua  and  Goodman, Michael Wayne  and  Xia, Fei},
  title     = {Learning Grammar Specifications from IGT: A Case Study of Chintang},
  booktitle = {Proceedings of the 2014 Workshop on the Use of Computational Methods in the Study of Endangered Languages},
  month     = {June},
  year  = {2014},
  address   = {Baltimore, Maryland, USA},
  publisher = {Association for Computational Linguistics},
  pages     = {43--53},
  url       = {http://www.aclweb.org/anthology/W14-2206}
}


@article {Ben:Dre:Fok:Pou:Sal:10,
   author = {Bender, Emily M and Drellishak, Scott and Fokkens, Antske and Poulson, Laurie and Saleem, Safiyyah},
   affiliation = {Department of Linguistics, University of Washington, Seattle, WA USA},
   title = {Grammar Customization},
   journal = {Research on Language \& Computation},
   publisher = {Springer Netherlands},
   issn = {1570-7075},
   volume = 8,
   number = 1,
   pages = {23--72},
   url = {http://dx.doi.org/10.1007/s11168-010-9070-1},
   note = {10.1007/s11168-010-9070-1},
   year = {2010}
}

@inproceedings{Ben:Fli:Oep:02,
  author = {Bender, Emily M. and Flickinger, Dan and Oepen, Stephan},
  title = {The {G}rammar {M}atrix: {A}n Open-Source Starter-Kit for the Rapid Development
           of Cross-Linguistically Consistent Broad-Coverage Precision Grammars},
  booktitle = {Proceedings of the Workshop on Grammar Engineering and
               Evaluation at the 19th International Conference on
               Computational Linguistics},
  editor = {Carroll, John and Oostdijk, Nelleke and Sutcliffe, Richard},
  address = {Taipei, Taiwan},
  pages = {8--14},
  year= {2002}
}

@article{bender2011achieving,
  title={On achieving and evaluating language-independence in {NLP}},
  author={Bender, Emily M.},
  journal={Linguistic Issues in Language Technology},
  volume={6},
  number={3},
  pages={1--26},
  year={2011}
}

@article{Ben:10,
author = {Emily M. Bender},
title = {Reweaving a grammar for {W}ambaya},
year= 2010,
journal = {Linguistic Issues in Language Technology},
volume = 3,
publisher = {{L}inguistic {S}ociety of {A}merica}
}

@inproceedings{bender2012deriving,
   title={Deriving a Lexicon for a Precision Grammar from Language Documentation Resources: A Case Study of {C}hintang.},
   author={Bender, Emily M. and Schikowski, Robert and Bickel, Balthasar},
   booktitle={COLING},
   pages={247--262},
   year={2012}
 }
 
 @InProceedings{bender-EtAl:2013:LaTeCH,
   author    = {Bender, Emily M.  and  Goodman, Michael Wayne  and  Crowgey, Joshua  and  Xia, Fei},
   title     = {Towards Creating Precision Grammars from Interlinear Glossed Text: {I}nferring Large-Scale Typological Properties},
   booktitle = {Proceedings of the 7th Workshop on Language Technology for Cultural Heritage, Social Sciences, and Humanities},
   month     = {August},
   year      = {2013},
   address   = {Sofia, Bulgaria},
   publisher = {Association for Computational Linguistics},
   pages     = {74--83},
   url       = {http://www.aclweb.org/anthology/W13-2710}
 }
 
 @inproceedings{BENDER14.639.L14-1508,
     author = {Emily M. Bender},
     url = {http://www.lrec-conf.org/proceedings/lrec2014/pdf/639_Paper.pdf},
     note = {ACL Anthology Identifier: L14-1508},
     title = {Language {C}o{LLAGE}: {G}rammatical Description with the {L}in{GO} {G}rammar {M}atrix},
     booktitle = {Proceedings of the Ninth International Conference on Language Resources and Evaluation ({LREC}'14)},
     year= {2014},
     month = {May},
     address = {Reykjavik, Iceland},
     editor = {Nicoletta Calzolari and Khalid Choukri and Thierry Declerck and Hrafn Loftsson and Bente Maegaard and Joseph Mariani and Asuncion Moreno and Jan Odijk and Stelios Piperidis},
     publisher = {European Language Resources Association (ELRA)},
     isbn = {978-2-9517408-8-4},
     language = {english},
     pages = {2447--2451}
     }
 
 @article{bender2012database,
  title={From database to treebank: On enhancing hypertext grammars with grammar engineering and treebank search},
  author={Bender, Emily M and Ghodke, Sumukh and Baldwin, Timothy and Dridan, Rebecca},
  year={2012},
  publisher={University of Hawai'i Press}
}
 
 @article{bender2010reweaving,
  title={Reweaving a grammar for {W}ambaya},
  author={Bender, Emily M.},
  journal={Linguistic Issues in Language Technology},
  volume={3},
  number={1},
  year={2010}
}

@inproceedings{bender2008grammar,
  title={Grammar engineering for linguistic hypothesis testing},
  author={Bender, Emily M and Flickinger, Dan and Oepen, Stephan},
  booktitle={Proceedings of the Texas Linguistics Society X conference: Computational linguistics for less-studied languages},
  pages={16--36},
  year={2008},
  organization={Citeseer}
}
 
 @article{besacier2014automatic,
  title={Automatic speech recognition for under-resourced languages: A survey},
  author={Besacier, Laurent and Barnard, Etienne and Karpov, Alexey and Schultz, Tanja},
  journal={Speech Communication},
  volume={56},
  pages={85--100},
  year={2014},
  publisher={Elsevier}
}
 
 @inproceedings{berg2012empirical,
   title={An empirical investigation of statistical significance in nlp},
   author={Berg-Kirkpatrick, Taylor and Burkett, David and Klein, Dan},
   booktitle={Proceedings of the 2012 Joint Conference on Empirical Methods in Natural Language Processing and Computational Natural Language Learning},
   pages={995--1005},
   year={2012},
   organization={Association for Computational Linguistics}
 }
 
 @misc{Bickel-EtAl:2008,
 author = {Bickel, Balthasar and Comrie, Bernard and Haspelmath, Martin},
 url={https://www.eva.mpg.de/lingua/resources/glossing-rules.php},
 year= {2008},
 title = {The {L}eipzig glossing rules: {C}onventions for interlinear morpheme-by-morpheme glosses},
 publisher = {Max Plank Institute for Evolutionary Anthropology and Department of Linguistics, University of Leipzig}
 }
 
 @misc{Chintang1,
    author = {Balthasar Bickel and Martin Gaenszle and Novel Kishore Rai and Vishnu Singh Rai and Elena Lieven and Sabine Stoll and G. Banjade and T. N. Bhatta and N. Paudyal and J. Pettigrew and M. Rai and I. P. Rai},
    year= 2013,
    title = {Tale of a poor guy},
    note = {Accessed online on 15-January-2013},
    }
  
@article{bickel2007free,
  title={Free prefix ordering in {C}hintang},
  author={Bickel, Balthasar and Banjade, Goma and Gaenszle, Martin and Lieven, Elena and Paudyal, Netra Prasad and Rai, Ichchha Purna and Rai, Manoj and Rai, Novel Kishore and Stoll, Sabine},
  journal={Language},
  pages={43--73},
  year={2007},
  publisher={JSTOR}
}

@inproceedings{bonami2013morphotactics,
  title={Morphotactics in an information-based model of realisational morphology},
  author={Bonami, Olivier and Crysmann, Berthold},
  booktitle={Proceedings of HPSG},
  pages={27--47},
  year={2013}
}

@article{bonami2012discovering,
  title={Discovering implicative morphology},
  author={Bonami, Olivier},
  journal={Unpublished paper given to D{\'e}cembrettes},
  volume={8},
  year={2012}
  }

@inproceedings{bonami07e,
        Author = {Bonami, Olivier and Boy{\'e}, Gilles},
        Booktitle = {Proceedings of the fifth {Mediterranean Morphology Meeting}},
        Pages = {291--322},
        Title = {French pronominal clitics and the design of {P}aradigm {F}unction {M}orphology},
        Year = {2007}}

@article{bond2005open,
  title={Open source machine translation with {DELPH-IN}},
  author={Bond, Francis and Oepen, Stephan and Siegel, Melanie and Copestake, Ann and Flickinger, Dan},
  year={2005}
}

@article{bin2014bringing,
  title={Bringing together over-and under-represented languages: Linking Wordnet to the SIL Semantic Domains},
  author={Bin Mohd Rosman, Muhammad Zulhelmy and Bond, Francis and Kratochv{\'\i}l, Franti{\v{s}}ek},
  journal={Volume editors},
  pages={40},
  year={2014}
}

@incollection{bordag2007unsupervised,
  title={Unsupervised and knowledge-free morpheme segmentation and analysis},
  author={Bordag, Stefan},
  booktitle={Advances in Multilingual and Multimodal Information Retrieval},
  pages={881--891},
  year={2007},
  publisher={Springer}
}

@article{brill1995transformation,
  title={Transformation-based error-driven learning and natural language processing: A case study in part-of-speech tagging},
  author={Brill, Eric},
  journal={Computational linguistics},
  volume={21},
  number={4},
  pages={543--565},
  year={1995},
  publisher={MIT Press}
}


@inproceedings{charniak2000maximum,
  title={A maximum-entropy-inspired parser},
  author={Charniak, Eugene},
  booktitle={Proceedings of the 1st North American chapter of the Association for Computational Linguistics conference},
  pages={132--139},
  year={2000},
  organization={Association for Computational Linguistics}
}

@article{copestake2000appendix,
  title={Appendix: Definitions of typed feature structures},
  author={Copestake, Ann},
  journal={Natural Language Engineering},
  volume={6},
  number={01},
  pages={109--112},
  year={2000},
  publisher={Cambridge Univ Press}
}

@book{Copestake:02,
  title={Implementing typed feature structure grammars},
  author={Copestake, Ann},
  volume={110},
  year={2002},
  publisher={CSLI publications Stanford}
}

@article{corbett2009canonical,
  title={Canonical inflectional classes.},
  author={Corbett, Greville G},
  journal={Selected proceedings of the 6th D{\'e}cembrettes: Morphology in Bordeaux},
  pages={1--11},
  year={2009}
}

@inproceedings{creutz2006morfessor,
  title={Morfessor in the morpho challenge},
  author={Creutz, Mathias and Lagus, Krista},
  booktitle={Proceedings of the PASCAL Challenge Workshop on Unsupervised Segmentation of Words into Morphemes},
  year={2006},
  organization={Citeseer}
}

@inproceedings{creutz2007analysis,
  title={Analysis of Morph-Based Speech Recognition and the Modeling of Out-of-Vocabulary Words Across Languages.},
  author={Creutz, Mathias and Hirsim{\"a}ki, Teemu and Kurimo, Mikko and Puurula, Antti and Pylkk{\"o}nen, Janne and Siivola, Vesa and Varjokallio, Matti and Arisoy, Ebru and Sara{\c{c}}lar, Murat and Stolcke, Andreas},
  booktitle={HLT-NAACL},
  pages={380--387},
  year={2007}
}

@inproceedings{crysmann2012towards,
  title={Towards Efficient {HPSG} Generation for {G}erman, a Non-Configurational Language.},
  author={Crysmann, Berthold and Packard, Woodley},
  booktitle={COLING},
  pages={695--710},
  year={2012}
}

@article{crysmannvariable,
  title={Variable morphotactics in Information-based Morphology},
  author={Crysmann, Berthold and Bonami, Olivier},
  journal={Journal of Linguistics},
  pages={1--64},
  year={2015},
  publisher={Cambridge Univ Press}
}

@inproceedings{crysmann2012establishing,
   title={Establishing order in type-based realisational morphology},
   author={Crysmann, Berthold and Bonami, Olivier},
   booktitle={Proceedings of HPSG},
   pages={123--143},
   year={2012}
 }

@inproceedings{crysmann:2016,
title={Reduplication in a precision grammar of {H}ausa},
author={Crysmann, Berthold},
year={forthcoming},
booktitle={Proceedings of the 17th International Morphology Meeting},
address={Vienna, Austria}
}

@article{daille2002applications,
  title={Applications of computational morphology},
  author={Daille, B{\'e}atrice and Fabre, C{\'e}cile and S{\'e}billot, Pascale},
  journal={Many morphologies},
  pages={210--234},
  year={2002},
  publisher={Cascadilla Press Somerville, MA}
}

@inproceedings{demberg2007phonological,
  title={Phonological constraints and morphological preprocessing for grapheme-to-phoneme conversion},
  author={Demberg, Vera and Schmid, Helmut and M{\"o}hler, Gregor},
  booktitle={Annual meeting-association for computational linguistics},
  volume={45},
  number={1},
  pages={96},
  year={2007}
}

@book{dixon2006complementation,
  title={Complementation: A cross-linguistic typology},
  editor={Dixon, Robert MW and Aikhenvald, Alexandra},
  series={Explorations in Linguistic Typology},
  number={3},
  year={2006},
  publisher={Oxford University Press}
}

@incollection{Dryer:2007,
  editor = {Timothy Shopen},
  author = {Matthew Dryer},
  booktitle = {Language Typology and Syntactic Description},
  year= {2007},
  chapter = {Word order},
  publisher = {Cambridge University Press},
  volume = {1},
  pages = {82},
  address = {Cambridge, UK}
}

@incollection{Noonan:2007,
  editor = {Timothy Shopen},
  author = {Michael Noonan},
  booktitle = {Language Typology and Syntactic Description},
  year= {2007},
  chapter = {Complementation},
  publisher = {Cambridge University Press},
  volume = {2},
  address = {Cambridge, UK}
}

@book{wals,
  address   = {Leipzig},
  editor    = {Matthew S. Dryer and Martin Haspelmath},
  publisher = {Max Planck Institute for Evolutionary Anthropology},
  title     = {WALS Online},
  url       = {http://wals.info/},
  year      = {2013}
}

@inbook{wals-26,
  address   = {Leipzig},
  author    = {Matthew S. Dryer},
  booktitle = {The World Atlas of Language Structures Online},
  editor    = {Matthew S. Dryer and Martin Haspelmath},
  publisher = {Max Planck Institute for Evolutionary Anthropology},
  title     = {Prefixing vs. Suffixing in Inflectional Morphology},
  url       = {http://wals.info/chapter/26},
  year      = {2013}
}

@article{flickinger2000building,
  title={On building a more effcient grammar by exploiting types},
  author={Flickinger, Dan},
  journal={Natural Language Engineering},
  volume={6},
  number={01},
  pages={15--28},
  year={2000},
  publisher={Cambridge Univ Press}
}
@article{garay2006text,
  title={Text prediction systems: a survey},
  author={Garay-Vitoria, Nestor and Abascal, Julio},
  journal={Universal Access in the Information Society},
  volume={4},
  number={3},
  pages={188--203},
  year={2006},
  publisher={Springer}
}


@phdthesis{Georgi:forthcoming,
author = {Ryan Georgi},
school = {University of Washington},
year= {forthcoming},
title = {INTENT: INterlinear Text Enrichment Toolkit}
}

@article{georgi2015enriching,
  title={Enriching interlinear text using automatically constructed annotators},
  author={Georgi, Ryan and Xia, Fei and Lewis, William D},
  journal={LaTeCH 2015},
  pages={58},
  year={2015}
}

@book{gippert2006essentials,
  title={Essentials of language documentation},
  author={Gippert, Jost and Himmelmann, Nikolaus and Mosel, Ulrike},
  volume={178},
  year={2006},
  publisher={Walter de gruyter}
}

@article{goldsmith2006algorithm,
  title={An algorithm for the unsupervised learning of morphology},
  author={Goldsmith, John},
  journal={Natural Language Engineering},
  volume={12},
  number={04},
  pages={353--371},
  year={2006},
  publisher={Cambridge Univ Press}
}

@article{good2012deconstructing,
  title={Deconstructing descriptive grammars},
  author={Good, Jeff},
  year={2012},
  publisher={University of Hawai'i Press}
}

@article{goodman:2015,
author = {Michael Wayne Goodman and Joshua Crowgey and Fei Xia and Emily M. Bender},
title = {Xigt: {E}xtensible Interlinear Gloss Text for Natural Language Processing},
year= {2015},
journal = {Language Resources and Evaluation},
volume = {49 (2)},
pages = {455--485},
}

@inproceedings{goodman2010s,
title={What's in a Word? {R}efining the Morphotactic Infrastructure in the {LinGO} {G}rammar {M}atrix Customization System},
author={Goodman, Michael Wayne and Bender, Emily M.},
booktitle={Workshop on Morphology and Formal Grammar, Paris},
year={2010}
}

@inproceedings{kudo2004applying,
  title={Applying Conditional Random Fields to Japanese Morphological Analysis.},
  author={Kudo, Taku and Yamamoto, Kaoru and Matsumoto, Yuji},
  booktitle={EMNLP},
  volume={4},
  pages={230--237},
  year={2004}
}

@article{goodman2013generation,
  title={Generation of machine-readable morphological rules from humanreadable input},
  author={Goodman, Michael Wayne},
  journal={Seattle: University of Washington Working Papers in Linguistics},
  volume={30},
  year={2013},
  publisher={Citeseer}
}

@article{grimes1983affix,
  title={Affix positions and cooccurrences: the PARADIGM program},
  author={Grimes, Joseph E},
  year={1983},
  publisher={Summer Institute of Linguistics [ua]}
}

@article{gronroos2014semi,
  title={Semi-supervised induction of a concatenative morphology with simple morphotactics: A model in the Morfessor family},
  author={Gr{\"o}nroos, Stig-Arne},
  year={2014}
}

@inproceedings{haertel2008return,
  title={Return on investment for active learning},
  author={Haertel, Robbie and Seppi, Kevin D and Ringger, Eric K and Carroll, James L},
  booktitle={Proceedings of the NIPS Workshop on Cost-Sensitive Learning},
  volume={72},
  year={2008}
}

@article{halacsy2004creating,
  title={Creating open language resources for Hungarian},
  author={Hal{\'a}csy, P{\'e}ter and Kornai, Andr{\'a}s and Laszlo, Nemeth and Andras, Rung and Szakad{\'a}t, Istv{\'a}n and Viktor, Tron},
  year={2004}
}

@article{hammarstrom2011unsupervised,
  title={Unsupervised learning of morphology},
  author={Hammarstr{\"o}m, Harald and Borin, Lars},
  journal={Computational Linguistics},
  volume={37},
  number={2},
  pages={309--350},
  year={2011},
  publisher={MIT Press}
}

@article{jandot2016interactive,
  title={Interactive Semantic Featuring for Text Classification},
  author={Jandot, Camille and Simard, Patrice and Chickering, Max and Grangier, David and Suh, Jina},
  journal={arXiv preprint arXiv:1606.07545},
  year={2016}
}

@inproceedings{johnson2008unsupervised,
  title={Unsupervised word segmentation for Sesotho using adaptor grammars},
  author={Johnson, Mark},
  booktitle={Proceedings of the Tenth Meeting of ACL Special Interest Group on Computational Morphology and Phonology},
  pages={20--27},
  year={2008},
  organization={Association for Computational Linguistics}
}

@book{karlsson2008finnish,
  title={Finnish: An essential grammar},
  author={Karlsson, Fred},
  year={2008},
  publisher={Routledge}
}

@article{karttunen2001short,
  title={A short history of two-level morphology},
  author={Karttunen, Lauri and Beesley, Kenneth R},
  journal={ESSLLI-2001 Special Event titled” Twenty Years of Finite-State Morphology},
  year={2001}
}

 @misc{kempgen1990report,
   title={Report on {R}ussian Morphology as It Appears in {Z}aliznyak's Grammatical Dictionary},
   author={Kempgen, Sebastian and Ilola, E and Mustajoki, A},
   year={1990},
   publisher={JSTOR}
 }

@inproceedings{kim2015mind,
   title={Mind the Gap: A Generative Approach to Interpretable Feature Selection and Extraction},
   author={Kim, Been and Shah, Julie A and Doshi-Velez, Finale},
   booktitle={Advances in Neural Information Processing Systems},
   pages={2251--2259},
   year={2015}
 }
 
 @phdthesis{kim2015interactive,
   title={Interactive and interpretable machine learning models for human machine collaboration},
   author={Kim, Been},
   year={2015},
   school={Massachusetts Institute of Technology}
 }
 
@article{kratochvil2014differential,
  title={Differential argument realization in {A}bui},
  author={Kratochv{\'\i}l, Franti{\v{s}}ek},
  journal={Linguistics},
  volume={52},
  number={2},
  pages={543--602},
  year={2014}
}

 @article{timberlake1982invariance,
   title={Invariance and the syntax of {R}ussian aspect},
   author={Timberlake, Alan},
   journal={Tense-aspect: {B}etween semantics and pragmatics. Amsterdam: John Benjamins},
   pages={305--331},
   year={1982}
 }

@misc{kratochvil2016corpus,
  title={{IGT} corpus of {A}bui},
  author={Kratochv{\'\i}l, Franti{\v{s}}ek},
  year={2016}
}
 
@article{krauss1992world,
  title={The world{'}s languages in crisis},
  author={Krauss, Michael},
  journal={Language},
  volume={68},
  number={1},
  pages={4--10},
  year={1992}
}

@inproceedings{koskenniemi1984general,
  title={A general computational model for word-form recognition and production},
  author={Koskenniemi, Kimmo},
  booktitle={Proceedings of the 10th international conference on Computational Linguistics},
  pages={178--181},
  year={1984},
  organization={Association for Computational Linguistics}
}



@inproceedings{kurimo2010overview,
  title={2010b. Overview and results of Morpho Challenge 2010},
  author={Kurimo, Mikko and Virpioja, Sami and Turunen, Ville T and Blackwood, Graeme W and Byrne, William},
  booktitle={Aalto University School of Science and Technology, Department of Information and Computer Science},
  organization={Citeseer}
}

@article{lawrence2013inflectional,
  title={Inflectional verbal morphology in Nomatsigenga},
  author={Lawrence, Aimee Lynn},
  year={2013}
}

@techreport{lee2014automatic,
  title={Automatic morphological alignment and clustering},
  author={Lee, Jackson L},
  year={2014},
  institution={Technical Report TR-2014-07, Department of Computer Science, University of Chicago}
}

@article{lewis:xia:10,
  title={Developing {ODIN}: A Multilingual Repository of Annotated Language Data for Hundreds of the World's Languages},
  author={Lewis, William D. and Xia, Fei},
  journal={Literary and Linguistic Computing},
  volume={25},
  number={3},
  pages={303--319},
  year={2010},
  publisher={ALLC}
}

@inproceedings{lewis2008automatically,
  title={Automatically Identifying Computationally Relevant Typological Features},
  author={Lewis, William D. and Xia, Fei},
  booktitle={{IJCNLP}},
  pages={685--690},
  year={2008}
}

@book{lieber2009introducing,
  title={Introducing morphology},
  author={Lieber, Rochelle},
  year={2009},
  publisher={Cambridge University Press}
}

@book{moseley2010atlas,
  title={Atlas of the World's Languages in Danger},
  author={Moseley, Christopher},
  year={2010},
  publisher={Unesco}
}

@misc{malouf:2016,
author = {Malouf, Rob},
title = {Deep Learning for Abstractive Morphology},
note = {Presentation at 17th International Meeting for Morphology},
year= {2016},
address = {Vienna, Austria}
}

@article{marcus1993building,
  title={Building a large annotated corpus of English: The Penn Treebank},
  author={Marcus, Mitchell P and Marcinkiewicz, Mary Ann and Santorini, Beatrice},
  journal={Computational linguistics},
  volume={19},
  number={2},
  pages={313--330},
  year={1993},
  publisher={MIT Press}
}

@inproceedings{Maxwell:2006:FLA:1641991.1641996,
 author = {Maxwell, Mike and Hughes, Baden},
 title = {Frontiers in Linguistic Annotation for Lower-density Languages},
 booktitle = {Proceedings of the Workshop on Frontiers in Linguistically Annotated Corpora 2006},
 series = {LAC '06},
 year= {2006},
 isbn = {1-932432-78-7},
 location = {Sydney, Australia},
 pages = {29--37},
 numpages = {9},
 url = {http://dl.acm.org/citation.cfm?id=1641991.1641996},
 acmid = {1641996},
 publisher = {Association for Computational Linguistics},
 address = {Stroudsburg, PA, USA},
} 

@misc{Matsigenka,
 author = {Lev Michael and Christine Beier and Zachary O'{H}agan and  Harold Vargas Pereira and Jose Vargas Pereira},
 year= 2013,
 title = {Matsigenka text written by {M}atsigenka authors},
 note = {Accessed online on 15-September-2015: \url{http://www.cabeceras.org/ldm_publications/mcb_text_collection_30jun2013_v1.pdf}},
 }
 
 @article{muller1999deutsche,
  title={Deutsche Syntax deklarativ},
  author={M{\"u}ller, Stefan},
  journal={Head-Driven Phrase Structure Grammar f{\"u}r das Deutsche},
  volume={394},
  year={1999}
}

@book{noonan1992grammar,
  title={A grammar of Lango},
  author={Noonan, Michael},
  volume={7},
  year={1992},
  publisher={Walter de Gruyter}
}
 
 @misc{och2000giza++,
   title={Giza++: Training of statistical translation models},
   author={Och, Franz Josef and Ney, Hermann},
   year={2000}
 }
 
 @article{oepen2000parser,
    title={Parser engineering and performance profiling},
    author={Oepen, Stephan and Carroll, John},
    journal={Natural Language Engineering},
    volume={6},
    number={01},
    pages={81--97},
    year={2000},
    publisher={Cambridge Univ Press}
  }
  
  @article{oflazer2001bootstrapping,
    title={Bootstrapping morphological analyzers by combining human elicitation and machine learning},
    author={Oflazer, Kemal and Nirenburg, Sergei and McShane, Marjorie},
    journal={Computational linguistics},
    volume={27},
    number={1},
    pages={59--85},
    year={2001},
    publisher={MIT Press}
  }
 
 @article{oflazer1996combining,
   title={Combining hand-crafted rules and unsupervised learning in constraint-based morphological disambiguation},
   author={Oflazer, Kemal and Tur, Gokhan},
   journal={arXiv preprint cmp-lg/9604001},
   year={1996}
 }
 
 @misc{ohagan2014matsigenka,
   title={The Syntax of {M}atsigenka Object-Marking},
   author={O’Hagan, Zachary},
   note={MA qualifying paper},
   year={2014}
 }
 
 @phdthesis{ohara2008morphotactic,
  title={A morphotactic infrastructure for a grammar customization system},
  author={O'Hara, Kelly},
  year={2008},
  school={University of Washington}
}
 
 @article{packard2014uw,
    title={{UW-MRS}: Leveraging a Deep Grammar for Robotic Spatial Commands},
    author={Packard, Woodley},
    journal={SemEval 2014},
    pages={812},
    year={2014}
  }
  
  
  @inproceedings{pasha2014madamira,
    title={MADAMIRA: A Fast, Comprehensive Tool for Morphological Analysis and Disambiguation of Arabic.},
    author={Pasha, Arfath and Al-Badrashiny, Mohamed and Diab, Mona T and El Kholy, Ahmed and Eskander, Ramy and Habash, Nizar and Pooleery, Manoj and Rambow, Owen and Roth, Ryan},
    booktitle={LREC},
    pages={1094--1101},
    year={2014}
  }
  
  @inproceedings{pirinen2010finite,
    title={Finite-state spell-checking with weighted language and error models},
    author={Pirinen, Tommi and Lind{\'e}n, Krister and others},
    booktitle={Proceedings of LREC 2010 Workshop on creation and use of basic lexical resources for less-resourced languages},
    year={2010}
  }
  
  @book{Pol:Sag:94,
    author = {Carl Pollard and Ivan A. Sag},
    title = {{H}ead-{D}riven {P}hrase {S}tructure {G}rammar},
    year= 1994,
    publisher = {The University of Chicago Press and CSLI Publications},
    series = {Studies in Contemporary Linguistics},
    address = {Chicago, IL and Stanford, CA}
  }

@inproceedings{post2012constructing,
  title={Constructing parallel corpora for six indian languages via crowdsourcing},
  author={Post, Matt and Callison-Burch, Chris and Osborne, Miles},
  booktitle={Proceedings of the Seventh Workshop on Statistical Machine Translation},
  pages={401--409},
  year={2012},
  organization={Association for Computational Linguistics}
}



@inproceedings{rosenberg2007v,
  title={V-Measure: A Conditional Entropy-Based External Cluster Evaluation Measure.},
  author={Rosenberg, Andrew and Hirschberg, Julia},
  booktitle={EMNLP-CoNLL},
  volume={7},
  pages={410--420},
  year={2007}
}

@article{ryan2010variable,
  title={Variable affix order: grammar and learning},
  author={Ryan, Kevin M},
  journal={Language},
  volume={86},
  number={4},
  pages={758--791},
  year={2010},
  publisher={Linguistic Society of America}
}

@incollection{sak2008turkish,
  title={Turkish language resources: Morphological parser, morphological disambiguator and web corpus},
  author={Sak, Ha{\c{s}}im and G{\"u}ng{\"o}r, Tunga and Sara{\c{c}}lar, Murat},
  booktitle={Advances in natural language processing},
  pages={417--427},
  year={2008},
  publisher={Springer}
}

@InProceedings{samardzic-schikowski-stoll:2015:LaTeCH-2015,
  author    = {Samard{\v{z}}ic, Tanja  and  Schikowski, Robert  and  Stoll, Sabine},
  title     = {Automatic interlinear glossing as two-level sequence classification},
  booktitle = {Proceedings of the 9th SIGHUM Workshop on Language Technology for Cultural Heritage, Social Sciences, and Humanities (LaTeCH)},
  month     = {July},
  year      = {2015},
  address   = {Beijing, China},
  publisher = {Association for Computational Linguistics},
  pages     = {68--72},
  url       = {http://www.aclweb.org/anthology/W15-3710}
}

@article{scikit-learn,
 title={Scikit-learn: Machine Learning in {P}ython},
 author={Pedregosa, F. and Varoquaux, G. and Gramfort, A. and Michel, V.
         and Thirion, B. and Grisel, O. and Blondel, M. and Prettenhofer, P.
         and Weiss, R. and Dubourg, V. and Vanderplas, J. and Passos, A. and
         Cournapeau, D. and Brucher, M. and Perrot, M. and Duchesnay, E.},
 journal={Journal of Machine Learning Research},
 volume={12},
 pages={2825--2830},
 year={2011}
}

@book{schachter1982tagalog,
  title={Tagalog reference grammar},
  author={Schachter, Paul and Otanes, Fe T},
  year={1982},
  publisher={Univ of California Press}
}

@article{schikowski2012chintang,
  title={Chintang morphology},
  author={Schikowski, Robert},
  journal={Unpublished ms, University of Z{\"u}rich},
  year={2012}
}

@inproceedings{schone2001knowledge,
  title={Knowledge-free induction of inflectional morphologies},
  author={Schone, Patrick and Jurafsky, Daniel},
  booktitle={Proceedings of the second meeting of the North American Chapter of the Association for Computational Linguistics on Language technologies},
  pages={1--9},
  year={2001},
  organization={Association for Computational Linguistics}
}

@article{schultze2006linguistic,
  title={Linguistic annotation},
  author={Schultze-Berndt, Eva},
  journal={Essentials of language documentation},
  volume={178},
  pages={213},
  year={2006},
  publisher={Walter de Gruyter}
}

@article{sezer2001finite,
  title={Finite inflection in Turkish},
  author={Sezer, Engin},
  journal={The verb in Turkish},
  pages={1--46},
  year={2001},
  publisher={Amsterdam: John Benjamins}
}

@inproceedings{singh2006morphological,
  title={Morphological richness offsets resource demand-experiences in constructing a {POS} tagger for {H}indi},
  author={Singh, Smriti and Gupta, Kuhoo and Shrivastava, Manish and Bhattacharyya, Pushpak},
  booktitle={Proceedings of the {COLING/ACL} on Main conference poster sessions},
  pages={779--786},
  year={2006},
  organization={Association for Computational Linguistics}
}

@inproceedings{snyder2008unsupervised,
  title={Unsupervised Multilingual Learning for Morphological Segmentation.},
  author={Snyder, Benjamin and Barzilay, Regina},
  booktitle={ACL},
  pages={737--745},
  year={2008}
}

@article{srivastava2016clustering,
  title={Clustering with a Reject Option: Interactive Clustering as {B}ayesian Prior Elicitation},
  author={Srivastava, Akash and Zou, James and Adams, Ryan P and Sutton, Charles},
  journal={arXiv preprint arXiv:1602.06886},
  year={2016}
}

@incollection{stump1993position,
  title={Position classes and morphological theory},
  author={Stump, Gregory T},
  booktitle={Yearbook of Morphology 1992},
  pages={129--180},
  year={1993},
  publisher={Springer}
}

@inproceedings{turner2015model,
  title={A Model Explanation System},
  author={Turner, Ryan},
  booktitle={Black Box Learning and Inference {NIPS} Workshop},
  year={2015}
}

@inproceedings{vellido2012making,
  title={Making machine learning models interpretable.},
  author={Vellido, Alfredo and Mart{\'\i}n-Guerrero, Jos{\'e} David and Lisboa, Paulo JG},
  booktitle={ESANN},
  volume={12},
  pages={163--172},
  year={2012},
  organization={Citeseer}
}

@article{viterbi1967error,
  title={Error bounds for convolutional codes and an asymptotically optimum decoding algorithm},
  author={Viterbi, Andrew J},
  journal={Information Theory, IEEE Transactions on},
  volume={13},
  number={2},
  pages={260--269},
  year={1967},
  publisher={IEEE}
}

@mastersthesis{Wax:2014,
author = {David Wax},
school = {University of Washington},
year= {2014},
title = {Automated Grammar Engineering for Verbal Morphology}
}

 @misc{ wiki:2015,
   author = "Wikipedia",
   title = "List of glossing abbreviations",
   year= "2015",
   url = "http://en.wikipedia.org/wiki/List_of_glossing_abbreviations",
   note = "[Online; accessed 11-June-2015]"
 }

@inproceedings{xia2007multilingual,
  title={Multilingual Structural Projection across Interlinear Text.},
  author={Xia, Fei and Lewis, William D.},
  booktitle={{HLT-NAACL}},
  pages={452--459},
  year={2007}
}

@article{xiaenriching,
  title={Enriching a massively multilingual database of interlinear glossed text},
  author={Xia, Fei and Lewis, William D and Goodman, Michael Wayne and Slayden, Glenn and Georgi, Ryan and Crowgey, Joshua and Bender, Emily M},
  journal={Language Resources and Evaluation},
  pages={1--29},
  publisher={Springer},
  year={2015}
}

@inproceedings{yarowsky2000minimally,
  title={Minimally supervised morphological analysis by multimodal alignment},
  author={Yarowsky, David and Wicentowski, Richard},
  booktitle={Proceedings of the 38th Annual Meeting on Association for Computational Linguistics},
  pages={207--216},
  year={2000},
  organization={Association for Computational Linguistics}
}

@misc{Zamaraeva:15,
author = {Olga Zamaraeva},
title = {Clustering Affixes: Applying Machine Learning Techniques to Morphological Analysis. {P}oster presented at 10th {A}nnual {W}omen in {M}achine {L}earning {W}orkshop in {M}ontreal, {C}anada, {D}ecember 2015. URL: {\url{http://students.washington.edu/olzama/montreal_2015.pdf}}},
year= {2015},
location = {Montreal, Canada},
conference = {10th Annual Women in Machine Learning Workshop},
url = {\url{http://students.washington.edu/olzama/montreal_2015.pdf}}
}

@article{zamaraeva2016inferring,
  title={Inferring Morphotactics from Interlinear Glossed Text: Combining Clustering and Precision Grammars},
  author={Zamaraeva, Olga},
  journal={{ACL} 2016},
  pages={141},
  year={2016}
}

@article{zamaraeva2017computational,
  title={Computational Support for Finding Word Classes: A Case Study of {A}bui},
  author={Zamaraeva, Olga and Kratochv{\'\i}l, Franti{\v{s}}ek and Bender, Emily M and Xia, Fei and Howell, Kristen},
  journal={Comput{EL}-2},
  pages={130},
  year={2017}
}

@article{van2010review,
  title={[Review of the book Complementation ed. by RMW Dixon, A. Aikhenvald]},
  author={Van Gijn, Rik},
  journal={Studies in Language},
  volume={34},
  number={1},
  pages={187--194},
  year={2010}
}

@inbook{Sie:13,
  address   = {Leipzig},
  author    = {Anna Siewierska},
  title     = {Verbal Person Marking},
  crossref = "wals",
  url       = {http://wals.info/chapter/102},
  year      = {2013}
}

@phdthesis{kratochvil2007grammar,
  title={A grammar of Abui: A Papuan language of Alor},
  author={Kratochv{\'\i}l, Frantisek},
  year={2007},
  school={External Organizations}
}

@book{wals,
  address   = {Leipzig},
  title = {The World Atlas of Language Structures Online},
  editor    = {Matthew S. Dryer and Martin Haspelmath},
  publisher = {Max Planck Institute for Evolutionary Anthropology},
  url       = {http://wals.info/chapter/102},
  year      = {2013}

}

@article{Fed:Bro:Kra:14,
  title={Variation in Pronominal Indexing: Lexical Stipulation vs.\ Referential Properties in {Alor-Pantar} Languages},
  author={Fedden, Sebastian and Brown, Dunstan and Kratochv{\'\i}l, Franti{\v{s}}ek and Robinson, Laura C and Schapper, Antoinette},
  journal={Studies in Language},
  volume={38},
  number={1},
  pages={44--79},
  year={2014},
  publisher={John Benjamins Publishing Company}
}

@article{Kra:14,
  title={Differential argument realization in {Abui}},
  author={Kratochv{\'{\i}}l, Franti{\v{s}}ek},
  journal={Linguistics},
  volume={52},
  number={2},
  pages={543--602},
  year={2014}
}

@book{Kra:07,
	Address = {Utrecht},
	Author = {Franti{\v s}ek Kratochv{\'\i}l},
	Date-Modified = {2015-10-12 05:42:44 +0000},
	Publisher = {{LOT}},
	Title = {A grammar of {A}bui: a {P}apuan language of {A}lor},
	Year = {2007}}


@article{Kra:11,
  title={Transitivity in {Abui}},
  author={Kratochv{\'{\i}}l, Franti{\v{s}}ek},
  journal={Studies in Language},
  volume={35},
  number={3},
  pages={588--635},
  year={2011},
  publisher={John Benjamins Publishing Company}
}

@unpublished{Del:Kra:Lou:15,
  author = {Delpada, Benediktus  and Kratochv{\'{\i}}l,
Franti{\v{s}}ek and Lou-Magnusson, Matthew},
  title = {Variation in Person Indexing in {Abui}},
  year = 2015,
  note = {Paper presented at Affectedness Workshop 2015: Verb Classes and the Scale of Change in Affected Arguments, Nanyang Technological University, Singapore, 13-14 August 2015} 
}

@misc{Dyer:CoNLL:17,
author = {Dyer, Chris},
title = {Should Neural Network Architecture Reflect Linguistic Structure?},
year = {2017},
note = {Keynote speech presented at The SIGNLL, Aug. 3-4 2017, Vancouver, Canada}
}

@article{Vul:Kor:17,
  title={Is “Universal Syntax” Universally Useful for Learning Distributed Word Representations?},
  author={Vulic, Ivan and Korhonen, Anna},
  year={2016}
}

@article{Typ:NLP:16,
  title={Survey on the use of typological information in natural language processing},
  author={O'Horan, Helen and Berzak, Yevgeni and Vuli{\'c}, Ivan and Reichart, Roi and Korhonen, Anna},
  journal={Proceedings of COLING 2016, Osaka, Japan, Dec. 11-17 2016},
  year={2016}
}

@inproceedings{Cha:Smith:Dyer:2013,
  title={Knowledge-rich morphological priors for Bayesian language models},
  author={Chahuneau, Victor and Smith, Noah A and Dyer, Chris},
  year={2013},
  organization={Association for Computational Linguistics}
  }

@article{parkvall2007varldens,
  title={The World's 100 largest languages in 2007},
  author={Parkvall, Mikael},
  journal={Nationalencyklopedin},
  year={2007}
}

@incollection{zuckermann2006complement,
  title={Complement clause types in {I}sraeli},
  author={Zuckermann, Ghil‘ad},
  year={2006},
  publisher={Oxford University Press}
}

@Book{Sie:Ben:Bon:16,
author    = {Siegel, Melanie and Bender, Emily M. and Bond, Francis},
title     = {Jacy: {An} Implemented Grammar of {Japanese}},
publisher = {CSLI Publications},
series    = {CSLI Studies in Computational Linguistics},
year      = {2016},
month     = nov,
address   = {Stanford CA},
isbn      = {9781684000180}
 }
 
 @article{copestake2005minimal,
  title={Minimal recursion semantics: An introduction},
  author={Copestake, Ann and Flickinger, Dan and Pollard, Carl and Sag, Ivan A},
  journal={Research on language and computation},
  volume={3},
  number={2-3},
  pages={281--332},
  year={2005},
  publisher={Springer}
}

@article{muller2015coregram,
  title={The {C}ore{G}ram project: Theoretical linguistics, theory development and verification},
  author={M{\"u}ller, Stefan},
  journal={Journal of Language Modelling},
  volume={3},
  number={1},
  pages={21--86},
  year={2015}
}

@inproceedings{butt2002urdu,
  title={Urdu and the Parallel Grammar project},
  author={Butt, Miriam and King, Tracy Holloway},
  booktitle={Proceedings of the 3rd workshop on Asian language resources and international standardization-Volume 12},
  pages={1--3},
  year={2002},
  organization={Association for Computational Linguistics}
}

@misc{nominalized:anon,
  title={Nominalized clauses in the {G}rammar {M}atrix},
  author={Howell, Kristen and Zamaraeva, Olga},
  year={Under review}
}

@book{heath2017jalkunan,
  title={A grammar of Jalkunan (Mande, Burkina Faso)},
  author={Heath, Jeffrey},
  year={2017},
  publisher={Language Description Heritage Library}
}

@book{sapp2006verb,
  title={Verb order in subordinate clauses from early new high {G}erman to modern {G}erman},
  author={Sapp, Christopher D},
  year={2006},
  publisher={Indiana University}
}

@book{hoenigswald1975tagalog,
  title={Tagalog Reference Grammar},
  author={Hoenigswald, Henry M and Schachter, Paul and Otanes, Fe T},
  year={1975}
}

@book{kornfilt2013turkish,
  title={Turkish},
  author={Kornfilt, Jaklin},
  year={2013},
  publisher={Routledge}
}

@phdthesis{brandao2014reference,
  title={A reference grammar of {P}aresi-{H}aliti ({A}rawak)},
  author={Brand{\~a}o, Ana Paula Barros},
  year={2014}
}

@phdthesis{jansen2010grammar,
  title={A Grammar of {Y}akima {I}chishk{\'\i}in/{S}ahaptin},
  author={Jansen, Joana Worth},
  year={2010},
  school={University of Oregon}
}

@book{hercus1994grammar,
  title={A grammar of the {A}rabana-{W}angkangurru language: {L}ake {E}yre Basin, {S}outh {A}ustralia},
  author={Hercus, Luise A},
  year={1994},
  publisher={Australian National Univ.}
}

@phdthesis{fokkens2014enhancing,
  title={Enhancing Empirical Research for Linguistically Motivated Precision Grammars},
  author={Fokkens, Antske Sibelle},
  year={2014},
  school={Department of Computational Linguistics, Universit{\"a}t des Saarlandes}
}

@inproceedings{Ben:Fli:05,
  author = {Bender, Emily M. and Flickinger, Dan},
  title = {Rapid Prototyping of Scalable Grammars: Towards Modularity in Extensions to a Language-Independent Core},
  booktitle = {Proceedings of the 2nd International Joint Conference on Natural Language Processing IJCNLP-05 (Posters/Demos)},
  address = {Jeju Island, Korea},
  year = 2005
}

@inproceedings{drellishak2008complex,
  title={Complex Case Phenomena in the {G}rammar {M}atrix},
  author={Drellishak, Scott},
  booktitle={The Proceedings of the 15th International Conference on Head-Driven Phrase Structure Grammar. CSLI Publications, Stanford},
  pages={67--86},
  year={2009}
}

@article{poulson2011meta,
  title={Meta-modeling of tense and aspect in a cross-linguistic grammar engineering platform},
  author={Poulson, Laurie},
  journal={University of Washington Working Papers in Linguistics (UWWPL)},
  volume={28},
  year={2011}
}

@mathesis{saleem2010argument,
  title={Argument optionality: A new library for the {G}rammar {M}atrix customization system},
  author={Saleem, Safiyyah},
  year={2010},
  school={University of Washington}
}

@phdthesis{drellishak2009widespread,
  title={Widespread but not universal: Improving the typological coverage of the {G}rammar {M}atrix},
  author={Drellishak, Scott},
  year={2009},
  school={University of Washington}
}

@phdthesis{song2014grammar,
  title={A grammar library for information structure},
  author={Song, Sanghoun},
  school={University of Washington},
  year={2014}
}

@article{dryer1980positional,
  title={The positional tendencies of sentential noun phrases in universal grammar},
  author={Dryer, Matthew Synge},
  journal={Canadian Journal of Linguistics/Revue canadienne de linguistique},
  volume={25},
  number={2},
  pages={123--196},
  year={1980},
  publisher={Cambridge University Press}
}

@inproceedings{keller1995towards,
  title={Towards an Account of Extraposition in HPSG},
  author={Keller, Frank},
  booktitle={Proceedings of the seventh conference on European chapter of the Association for Computational Linguistics},
  pages={301--306},
  year={1995},
  organization={Morgan Kaufmann Publishers Inc.}
}